<?xml version="1.0" encoding="UTF-8"?><record xmlns="http://www.loc.gov/MARC21/slim" xmlns:cinclude="http://apache.org/cocoon/include/1.0" xmlns:zs="http://www.loc.gov/zing/srw/">
  <leader>00530nz  a2200145n  4500</leader>
  <controlfield tag="001">no2013032214</controlfield>
  <controlfield tag="003">DLC</controlfield>
  <controlfield tag="005">20130325074640.0</controlfield>
  <controlfield tag="008">130322n| azannaabn          |a ana     c</controlfield>
  <datafield tag="010" ind1=" " ind2=" ">
    <subfield code="a">no2013032214</subfield>
  </datafield>
  <datafield tag="035" ind1=" " ind2=" ">
    <subfield code="a">(OCoLC)oca09434476</subfield>
  </datafield>
  <datafield tag="040" ind1=" " ind2=" ">
    <subfield code="a">CSt</subfield>
    <subfield code="b">eng</subfield>
    <subfield code="e">rda</subfield>
    <subfield code="c">CSt</subfield>
  </datafield>
  <datafield tag="110" ind1="2" ind2=" ">
    <subfield code="a">Programme for Water Governance.</subfield>
    <subfield code="b">Composante Afrique de l'Ouest</subfield>
  </datafield>
  <datafield tag="410" ind1="2" ind2=" ">
    <subfield code="a">PfWG-CAO (Program)</subfield>
  </datafield>
  <datafield tag="670" ind1=" " ind2=" ">
    <subfield code="a">EĚvaluation de la gouvernance de l'eau au Niger, 2009:</subfield>
    <subfield code="b">t.p. (Programme de gouvernance des ressources en eau/Composante Afrique de l'Ouest (PfWG-CAO))</subfield>
  </datafield>
</record>